The competition
@misc{daigt,
  author       = {Jules King and Perpetual Baffour and Scott Crossley and Ryan Holbrook and Maggie Demkin},
  title        = {LLM - Detect AI Generated Text},
  year         = {2023},
  howpublished = {\url{https://kaggle.com/competitions/llm-detect-ai-generated-text}},
  note         = {Kaggle}
}

====================
Previous work
====================

@misc{1stplace,
  author       = {Udbhav Bamba and Raja Biswas and Nicholas Broad},
  title        = {Comprehensive 1st Place Write-Up},
  year         = {2023},
  howpublished = {\url{https://www.kaggle.com/competitions/llm-detect-ai-generated-text/discussion/473295}},
  note         = {Kaggle discussion}
}

@misc{5thplace,
  author       = {James Day},
  title        = {0.963 with BERT - Transformers love diverse data},
  year         = {2023},
  howpublished = {\url{https://www.kaggle.com/competitions/llm-detect-ai-generated-text/discussion/465882}},
  note         = {Kaggle discussion}
}

@misc{6thplace,
  author       = {Davide Cozzolino},
  title        = {6nd place solution with code},
  year         = {2023},
  howpublished = {\url{https://www.kaggle.com/competitions/llm-detect-ai-generated-text/discussion/471831}},
  note         = {Kaggle discussion}
}

====================
Data
====================

@article{persuade,
  title    = {A large-scale corpus for assessing written argumentation: PERSUADE 2.0},
  journal  = {Assessing Writing},
  volume   = {61},
  pages    = {100865},
  year     = {2024},
  issn     = {1075-2935},
  doi      = {https://doi.org/10.1016/j.asw.2024.100865},
  url      = {https://www.sciencedirect.com/science/article/pii/S1075293524000588},
  author   = {S.A. Crossley and Y. Tian and P. Baffour and A. Franklin and M. Benner and U. Boser},
  keywords = {Corpus linguistics, Writing assessment, Argumentation, Individual differences}
}

@misc{mistral7b,
  author       = {Carl McBride Ellis},
  title        = {LLM: Mistral-7B Instruct texts},
  howpublished = {\url{https://www.kaggle.com/datasets/carlmcbrideellis/llm-mistral-7b-instruct-texts}}
}

@misc{argugpt,
  author       = {Alejo Paullier},
  title        = {ArguGPT},
  howpublished = {\url{https://www.kaggle.com/datasets/alejopaullier/argugpt}}
}

@misc{daigtv4,
  author       = {Darek KÅ‚eczek},
  title        = {DAIGT-V4-TRAIN-DATASET},
  howpublished = {\url{https://www.kaggle.com/datasets/thedrcat/daigt-v4-train-dataset}}
}

@misc{fpeprocessed,
  author       = {Raja Biswas},
  title        = {PERSUADE Synthetic Dataset},
  howpublished = {\url{https://www.kaggle.com/datasets/conjuring92/fpe-processed-dataset}}
}

- Crossley, S. A, Baffour, P., Tian, Y., Franklin, A., Benner, M., & Boser., U. (2024). A large-scale corpus for assessing written argumentation: PERSUADE 2.0. Assessing Writing, 61. https://doi.org/10.1016/j.asw.2024.100865.
- https://www.kaggle.com/datasets/carlmcbrideellis/llm-mistral-7b-instruct-texts
- https://www.kaggle.com/datasets/alejopaullier/argugpt
- https://www.kaggle.com/datasets/thedrcat/daigt-v4-train-dataset
- https://www.kaggle.com/datasets/conjuring92/fpe-processed-dataset